<?xml version="1.0" encoding="UTF-8"?><record xmlns="http://www.loc.gov/MARC21/slim" xmlns:cinclude="http://apache.org/cocoon/include/1.0" xmlns:zs="http://www.loc.gov/zing/srw/">
  <leader>00349cz  a2200121n  4500</leader>
  <controlfield tag="001">n  90638260 </controlfield>
  <controlfield tag="003">DLC</controlfield>
  <controlfield tag="005">19900514140634.4</controlfield>
  <controlfield tag="008">900430n| acannaab|          |n aaa |||  </controlfield>
  <datafield tag="010" ind1=" " ind2=" ">
    <subfield code="a">n  90638260 </subfield>
  </datafield>
  <datafield tag="040" ind1=" " ind2=" ">
    <subfield code="a">DLC</subfield>
    <subfield code="c">DLC</subfield>
    <subfield code="d">DLC</subfield>
  </datafield>
  <datafield tag="100" ind1="1" ind2="0">
    <subfield code="a">Freeman, Ruth,</subfield>
    <subfield code="d">1944-</subfield>
  </datafield>
  <datafield tag="670" ind1=" " ind2=" ">
    <subfield code="a">Her The Discovery Gallery, c1989:</subfield>
    <subfield code="b">t.p. (Ruth Freeman) Can CIP (Freeman, Ruth, 1944- )</subfield>
  </datafield>
</record>